
@article{bulling:2011,
	title={Eye movement analysis for activity recognition using electrooculography},
	author={Bulling, Andreas and Ward, Jamie A and Gellersen, Hans and Troster, Gerhard},
	journal={IEEE transactions on pattern analysis and machine intelligence},
	volume={33},
	number={4},
	pages={741--753},
	year={2011},
	publisher={IEEE}
}

@book{bloomenthal:1997:introduction,
	title={Introduction to implicit surfaces},
	author={Bloomenthal, Jules and Bajaj, Chandrajit},
	year={1997},
	publisher={Morgan Kaufmann}
}

@book{osher:2006:level,
	title={Level set methods and dynamic implicit surfaces},
	author={Osher, Stanley and Fedkiw, Ronald},
	volume={153},
	year={2006},
	publisher={Springer Science \& Business Media}
}


@article{hart:1996:sphere,
	title={Sphere tracing: A geometric method for the antialiased ray tracing of implicit surfaces},
	author={Hart, John C},
	journal={The Visual Computer},
	volume={12},
	number={10},
	pages={527--545},
	year={1996},
	publisher={Springer}
}

@book{Heuser:2003,
	title =     {Lehrbuch der Analysis: Teil 1},
	author =    {Harro Heuser (auth.)},
	publisher = {Vieweg+Teubner Verlag},
	isbn =      {978-3-519-62233-8,978-3-322-96828-9},
	year =      {2003},
	series =    {Mathematische Leitf√§den},
	edition =   {15Aufl.}
}

@inproceedings{perlin:1989:hypertexture,
	title={Hypertexture},
	author={Perlin, Ken and Hoffert, Eric M},
	booktitle={ACM Siggraph Computer Graphics},
	volume={23},
	number={3},
	pages={253--262},
	year={1989},
	organization={ACM}
}

@article{tuy:1984:direct,
	title={Direct 2-D display of 3-D objects},
	author={Tuy, Heang K and Tuy, Lee Tan},
	journal={IEEE Computer Graphics and Applications},
	volume={4},
	number={10},
	pages={29--34},
	year={1984},
	publisher={IEEE}
}

@ONLINE{quilez:2008:distfunctions,
	title={Modeling with distance functions},
	author={Quilez, Inigo},
	year = {2008},
	url = {http://iquilezles.org/www/articles/distfunctions/distfunctions.htm},
	urldate = {2018-23-12}
}