
@article{bulling:2011,
	title={Eye movement analysis for activity recognition using electrooculography},
	author={Bulling, Andreas and Ward, Jamie A and Gellersen, Hans and Troster, Gerhard},
	journal={IEEE transactions on pattern analysis and machine intelligence},
	volume={33},
	number={4},
	pages={741--753},
	year={2011},
	publisher={IEEE}
}
