@article{macdonald:1990:heuristics,
	title={Heuristics for ray tracing using space subdivision},
	author={MacDonald, J David and Booth, Kellogg S},
	journal={The Visual Computer},
	volume={6},
	number={3},
	pages={153--166},
	year={1990},
	publisher={Springer}
}


@article{schmalstieg:1999:sewing,
	title={Sewing worlds together with SEAMS: A mechanism to construct complex virtual environments},
	author={Schmalstieg, Dieter and Schaufler, Gernot},
	journal={Presence},
	volume={8},
	number={4},
	pages={449--461},
	year={1999},
	publisher={MIT Press}
}

@article{borst:2009:real,
	title={Real-time rendering method and performance evaluation of composable 3D lenses for interactive VR},
	author={Borst, Christoph W and Tiesel, Jan-Phillip and Best, Christopher M},
	journal={IEEE transactions on visualization and computer graphics},
	volume={16},
	number={3},
	pages={394--410},
	year={2009},
	publisher={IEEE}
}

@article{lowe:2005:technique,
	title={A technique for rendering complex portals},
	author={Lowe, Nick and Datta, Amitava},
	journal={IEEE Transactions on Visualization and Computer Graphics},
	volume={11},
	number={1},
	pages={81--90},
	year={2005},
	publisher={IEEE}
}

@inproceedings{pausch:1995:navigation,
	title={Navigation and locomotion in virtual worlds via flight into hand-held miniatures},
	author={Pausch, Randy and Burnette, Tommy and Brockway, Dan and Weiblen, Michael E},
	booktitle={Proceedings of the 22nd annual conference on Computer graphics and interactive techniques},
	pages={399--400},
	year={1995},
	organization={ACM}
}

@inproceedings{yang:2014:walkthrough,
	title={Walkthrough applications based on portal},
	author={Yang, Yuting and Wang, Yunze},
	booktitle={2014 IEEE Workshop on Electronics, Computer and Applications},
	pages={277--283},
	year={2014},
	organization={IEEE}
}

@article{luebke:1995:portals,
	title={Portals and Mirrors: Simple, Fast Evaluation of Potentially Visible Sets.},
	author={Luebke, David P and Georges, Chris},
	journal={SI3D},
	volume={95},
	pages={105},
	year={1995},
	publisher={Citeseer}
}

@inproceedings{viega:1996:3d,
	title={3D magic lenses},
	author={Viega, John and Conway, Matthew J and Williams, George and Pausch, Randy},
	booktitle={Proceedings of the 9th annual ACM symposium on User interface software and technology},
	pages={51--58},
	year={1996},
	organization={Citeseer}
}

@online{SDL,
	title = {Simple Directmedia Layer},
	url = {www.libsdl.org},
	urldate = {2019-07-28}
}

@online{GLM,
	title = {OpenGL Mathematics},
	url = {glm.g-truc.net/},
	urldate = {2019-07-28}
}

@book{eberly:2006:3d,
	title={3D game engine design: a practical approach to real-time computer graphics},
	author={Eberly, David H},
	year={2006},
	publisher={CRC Press}
}

@online{arstechnica:openGL,
	author = {Samuel Axon},
	title = {The end of OpenGL support, plus other updates Apple didn’t share at the keynote},
	year = 2018,
	url = {https://arstechnica.com/gadgets/2018/06/the-end-of-opengl-support-other-updates-apple-didnt-share-at-the-keynote/},
	urldate = {2019-07-28}
}

@online{moltenGL,
	title = {Molten GL},
	author= {Khronos Group},
	url = {https://moltengl.com/moltengl/},
	urldate = {2019-07-28}
}

@online{moltenVK,
	title = {Molten VK},
	author= {Khronos Group},
	url = {https://moltengl.com/moltenvk/},
	urldate = {2019-07-28}
}

@online{khronos:vulkan:spec1.1,
	title = {Vulkan® 1.1.116 - A Specification (with all registered Vulkan extensions)},
	author= {Khronos Group},
	url = {www.khronos.org/registry/vulkan/specs/1.1-extensions/html/vkspec.html},
	urldate = {2019-07-28}
}

@online{khronos:openGL:spec4.6,
	title = {OpenGL 4.6 API Specification},
	author= {Segal, Mark and Akeley, Kurt},
	year={2019},
	url = {https://www.khronos.org/registry/OpenGL/specs/gl/glspec46.core.pdf},
	urldate = {2019-07-28}
}

@inproceedings{lowe:2003:fragment,
	title={A fragment culling technique for rendering arbitrary portals},
	author={Lowe, Nick and Datta, Amitava},
	booktitle={International Conference on Computational Science},
	pages={915--924},
	year={2003},
	organization={Springer}
}


@online{lecture:portalProblems,
	title = {Portal Problems - Lecture 11 - CS50's Introduction to Game Development},
	author= {Ogden, Colton and Malan, David J.},
	year={2018},
	url = {https://www.youtube.com/watch?v=ivyseNMVt-4},
	urldate = {2019-07-28}
}
 






