
@article{bulling:2011,
	title={Eye movement analysis for activity recognition using electrooculography},
	author={Bulling, Andreas and Ward, Jamie A and Gellersen, Hans and Troster, Gerhard},
	journal={IEEE transactions on pattern analysis and machine intelligence},
	volume={33},
	number={4},
	pages={741--753},
	year={2011},
	publisher={IEEE}
}

@book{bloomenthal:1997:introduction,
	title={Introduction to implicit surfaces},
	author={Bloomenthal, Jules and Bajaj, Chandrajit},
	year={1997},
	publisher={Morgan Kaufmann}
}

@book{osher:2006:level,
	title={Level set methods and dynamic implicit surfaces},
	author={Osher, Stanley and Fedkiw, Ronald},
	volume={153},
	year={2006},
	publisher={Springer Science \& Business Media}
}


@article{hart:1996:sphere,
	title={Sphere tracing: A geometric method for the antialiased ray tracing of implicit surfaces},
	author={Hart, John C},
	journal={The Visual Computer},
	volume={12},
	number={10},
	pages={527--545},
	year={1996},
	publisher={Springer}
}